<record><leader>00000cas a2200000 a 4500</leader><controlfield tag="001">16837464</controlfield><controlfield tag="008">871009d18161817nyuwr ne      0    0eng c</controlfield><datafield ind1=" " ind2=" " tag="010"><subfield code="a">sn 87068396 </subfield></datafield><datafield ind1=" " ind2=" " tag="040"><subfield code="a">NPA</subfield><subfield code="b">eng</subfield><subfield code="c">NPA</subfield><subfield code="d">KNP</subfield><subfield code="d">NYS</subfield><subfield code="d">DLC</subfield><subfield code="d">OBN</subfield><subfield code="d">OCL</subfield><subfield code="d">CVF</subfield><subfield code="d">NYS</subfield><subfield code="d">DLC</subfield><subfield code="d">OCLCQ</subfield><subfield code="d">OCLCF</subfield><subfield code="d">OCLCO</subfield></datafield><datafield ind1=" " ind2=" " tag="042"><subfield code="a">pcc</subfield></datafield><datafield ind1=" " ind2=" " tag="043"><subfield code="a">n-us-ny</subfield></datafield><datafield ind1="0" ind2="0" tag="050"><subfield code="a">Newspaper</subfield></datafield><datafield ind1="0" ind2="0" tag="245"><subfield code="a">Ithaca gazette, and religious intelligencer.</subfield></datafield><datafield ind1=" " ind2=" " tag="260"><subfield code="a">Ithaca, Tompkins Co., N.Y. :</subfield><subfield code="b">Benjamin, Reed &amp; Shepard,</subfield><subfield code="c">1816-1817.</subfield></datafield><datafield ind1=" " ind2=" " tag="300"><subfield code="a">v.</subfield></datafield><datafield ind1=" " ind2=" " tag="310"><subfield code="a">Weekly</subfield></datafield><datafield ind1="1" ind2=" " tag="362"><subfield code="a">Began Aug. 1816; ceased Aug. 1817.</subfield></datafield><datafield ind1=" " ind2=" " tag="530"><subfield code="a">Available on microfilm from Readex Microprint Corp. as part of the Early American newspapers series.</subfield></datafield><datafield ind1=" " ind2=" " tag="588"><subfield code="a">Description based on: Vol. 1, no. 42 (June 5, 1817).</subfield></datafield><datafield ind1=" " ind2="0" tag="651"><subfield code="a">Ithaca (N.Y.)</subfield><subfield code="v">Newspapers.</subfield></datafield><datafield ind1=" " ind2="0" tag="651"><subfield code="a">Tompkins County (N.Y.)</subfield><subfield code="v">Newspapers.</subfield></datafield><datafield ind1=" " ind2="7" tag="655"><subfield code="a">Newspapers.</subfield><subfield code="2">fast</subfield><subfield code="0">(OCoLC)fst01423814</subfield></datafield><datafield ind1=" " ind2="7" tag="651"><subfield code="a">New York (State)</subfield><subfield code="z">Ithaca.</subfield><subfield code="2">fast</subfield><subfield code="0">(OCoLC)fst01205507</subfield></datafield><datafield ind1=" " ind2="7" tag="651"><subfield code="a">New York (State)</subfield><subfield code="z">Tompkins County.</subfield><subfield code="2">fast</subfield><subfield code="0">(OCoLC)fst01207029</subfield></datafield><datafield ind1=" " ind2=" " tag="752"><subfield code="a">United States</subfield><subfield code="b">New York</subfield><subfield code="c">Tompkins</subfield><subfield code="d">Ithaca.</subfield></datafield><datafield ind1="0" ind2="0" tag="785"><subfield code="t">American journal (Ithaca, N.Y.)</subfield><subfield code="w">(DLC)sn 84031127</subfield><subfield code="w">(OCoLC)10676139</subfield></datafield></record>